<record><leader>00000cas a22000007a 4500</leader><controlfield tag="001">18806641</controlfield><controlfield tag="008">881128d19181984mouwr ne      0    0eng d</controlfield><datafield ind1=" " ind2=" " tag="010"><subfield code="a">sn 88068110 </subfield></datafield><datafield ind1=" " ind2=" " tag="040"><subfield code="a">MQN</subfield><subfield code="b">eng</subfield><subfield code="c">MQN</subfield><subfield code="d">OCLCQ</subfield></datafield><datafield ind1="0" ind2=" " tag="130"><subfield code="a">Thayer news (Thayer, Mo.)</subfield></datafield><datafield ind1="1" ind2="4" tag="245"><subfield code="a">The Thayer news.</subfield></datafield><datafield ind1=" " ind2=" " tag="260"><subfield code="a">Thayer, Mo. :</subfield><subfield code="b">E.J. Black,</subfield><subfield code="c">1918-1984.</subfield></datafield><datafield ind1=" " ind2=" " tag="300"><subfield code="a">v.</subfield></datafield><datafield ind1=" " ind2=" " tag="310"><subfield code="a">Weekly</subfield></datafield><datafield ind1="0" ind2=" " tag="362"><subfield code="a">Vol. 18, no. 29 (Jan. 4, 1918)-v. 84, no. 35 (Jan. 20, 1984).</subfield></datafield><datafield ind1=" " ind2=" " tag="752"><subfield code="a">United States</subfield><subfield code="b">Missouri</subfield><subfield code="c">Oregon</subfield><subfield code="d">Thayer.</subfield></datafield><datafield ind1="0" ind2="0" tag="780"><subfield code="t">Ozark news (Thayer, Mo.)</subfield><subfield code="w">(DLC)sn 88068111</subfield></datafield><datafield ind1="0" ind2="7" tag="785"><subfield code="t">South Missourian-democrat</subfield><subfield code="w">(DLC)sn 88068108</subfield></datafield><datafield ind1="0" ind2="7" tag="785"><subfield code="t">Thayer news south Missourian democrat</subfield><subfield code="w">(DLC)sn 88068109</subfield></datafield></record>